@article {MR94g:19005,
   AUTHOR = {Grayson, Daniel R.},
    TITLE = {Adams operations on higher ${K}$-theory},
  JOURNAL = {$K$-Theory},
 FJOURNAL = {$K$-Theory. An Interdisciplinary Journal for the Development,
             Application, and Influence of $K$-Theory in the Mathematical
             Sciences},
   VOLUME = {6},
     YEAR = {1992},
   NUMBER = {2},
    PAGES = {97--111},
     ISSN = {0920-3036},
    CODEN = {KTHEEO},
}
